% Dai, H.; Li, C.; Coley, C. W.; Dai, B.; Song, L. Retrosynthesis
Prediction with Conditional Graph Logic Network. arXiv (Machine
Learning) Jan 6, 2020, 2001.01408, ver. 1. https://arxiv.org/abs/2001.
01408 (accessed 2021-03-01).
@electronic{GLN,
    author =       {Dai, H.; Li, C.; Coley, C. W.; Dai, B.; Song, L. },
    title =        {Retrosynthesis Prediction with Conditional Graph Logic Network.},
    journal =      {arXiv},
    year =         {2020},
    url =     {https://arxiv.org/abs/2001.01408}
}

@book{dirac,
    title={The Principles of Quantum Mechanics},
    author={Paul Adrien Maurice Dirac},
    isbn={9780198520115},
    series={International series of monographs on physics},
    year={1981},
    publisher={Clarendon Press},
    keywords = {physics}
}

@online{knuthwebsite,
    author    = "Donald Knuth",
    title     = "Knuth: Computers and Typesetting",
    url       = "http://www-cs-faculty.stanford.edu/~uno/abcde.html",
    keywords  = "latex,knuth"
}

@inbook{knuth-fa,
    author = "Donald E. Knuth",
    title = "Fundamental Algorithms",
    publisher = "Addison-Wesley",
    year = "1973",
    chapter = "1.2",
    keywords  = "knuth,programming"
}